<record><leader>00000cas a22000007a 4500</leader><controlfield tag="001">18042452</controlfield><controlfield tag="008">880606d19uu1984txuwr ne      0    0eng d</controlfield><datafield ind1=" " ind2=" " tag="010"><subfield code="a">sn 88083646 </subfield></datafield><datafield ind1=" " ind2=" " tag="040"><subfield code="a">PPM</subfield><subfield code="b">eng</subfield><subfield code="c">PPM</subfield><subfield code="d">NSD</subfield><subfield code="d">OCLCQ</subfield></datafield><datafield ind1=" " ind2=" " tag="042"><subfield code="a">msc</subfield></datafield><datafield ind1="0" ind2="0" tag="245"><subfield code="a">Upper Valley progress.</subfield></datafield><datafield ind1=" " ind2=" " tag="260"><subfield code="a">Mission, Tex. :</subfield><subfield code="b">Mission Pub. Co.</subfield></datafield><datafield ind1=" " ind2=" " tag="310"><subfield code="a">Weekly</subfield></datafield><datafield ind1="0" ind2=" " tag="362"><subfield code="a">-v. 12, no. 25 (Jan. 25, 1984).</subfield></datafield><datafield ind1=" " ind2=" " tag="588"><subfield code="a">Description based on: Vol. 6, no. 21 (Jan. 4, 1978).</subfield></datafield><datafield ind1=" " ind2=" " tag="752"><subfield code="a">United States</subfield><subfield code="b">Texas</subfield><subfield code="c">Hidalgo</subfield><subfield code="d">Mission.</subfield></datafield><datafield ind1="0" ind2="0" tag="785"><subfield code="t">Progress times</subfield><subfield code="x">0890-2666</subfield><subfield code="w">(DLC)sn 86011953</subfield><subfield code="w">(OCoLC)14208960</subfield></datafield><datafield ind1="1" ind2=" " tag="029"><subfield code="a">AU@</subfield><subfield code="b">000025802427</subfield></datafield></record>